<collection xmlns="http://www.loc.gov/MARC21/slim"><record><leader>00554nam  2200169   450</leader><controlfield tag="001">435</controlfield><controlfield tag="003">http://montalegre.opacnet.com/OPAC/default.aspx?ContentAreaControl=ShowRegHoldings.ascx&amp;RegNo=16662</controlfield><datafield tag="100" ind1=" " ind2=" "><subfield code="a">19931122d1941    m  y0pory010305  ba</subfield></datafield><datafield tag="101" ind1="1" ind2=" "><subfield code="a">por</subfield></datafield><datafield tag="102" ind1=" " ind2=" "><subfield code="a">PT</subfield></datafield><datafield tag="200" ind1="1" ind2=" "><subfield code="a">Elfrida</subfield><subfield code="f">M. Delly</subfield><subfield code="g">trad. de A. Augusto dos Santos</subfield></datafield><datafield tag="210" ind1=" " ind2=" "><subfield code="a">S. paulo</subfield><subfield code="c">Companhia Editora Nacional</subfield><subfield code="d">1936</subfield></datafield><datafield tag="215" ind1=" " ind2=" "><subfield code="a">256 p.</subfield><subfield code="d">20 cm</subfield></datafield><datafield tag="225" ind1="0" ind2=" "><subfield code="a">&lt;A &gt;nova Biblioteca das Moças</subfield></datafield><datafield tag="700" ind1=" " ind2="0"><subfield code="a">Delly</subfield><subfield code="c">pseud</subfield></datafield><datafield tag="702" ind1=" " ind2="1"><subfield code="a">Almeida</subfield><subfield code="b">A. Sarah Pinto</subfield><subfield code="f">1902-</subfield><subfield code="4">730</subfield></datafield><datafield tag="801" ind1=" " ind2="0"><subfield code="a">PT</subfield><subfield code="b">Biblioteca Municipal de Montalegre</subfield><subfield code="g">RPC</subfield></datafield><datafield tag="909" ind1="&#9;" ind2=" "><subfield code="a">1</subfield></datafield><datafield tag="966" ind1=" " ind2=" "><subfield code="a">0008240</subfield><subfield code="l">BMM</subfield><subfield code="s">SCG 821 DEL elf 10</subfield></datafield></record></collection>